
@article{fox1999monte,
	title={Monte carlo localization: Efficient position estimation for mobile robots},
	author={Fox, Dieter and Burgard, Wolfram and Dellaert, Frank and Thrun, Sebastian},
	journal={AAAI/IAAI},
	volume={1999},
	number={343-349},
	pages={2--2},
	year={1999}
}

@article{lingemann2005high,
  title={High-speed laser localization for mobile robots},
  author={Lingemann, Kai and N{\"u}chter, Andreas and Hertzberg, Joachim and Surmann, Hartmut},
  journal={Robotics and autonomous systems},
  volume={51},
  number={4},
  pages={275--296},
  year={2005},
  publisher={Elsevier}
}

@article{aghili2016robust,
	title={Robust relative navigation by integration of ICP and adaptive Kalman filter using laser scanner and IMU},
	author={Aghili, Farhad and Su, Chun-Yi},
	journal={IEEE/ASME Transactions on Mechatronics},
	volume={21},
	number={4},
	pages={2015--2026},
	year={2016},
	publisher={IEEE}
}

@phdthesis{csorba1997simultaneous,
	title={Simultaneous localisation and map building},
	author={Csorba, Michael},
	year={1997},
	school={University of Oxford Oxford}
}

@inproceedings{kendall2015posenet,
	title={Posenet: A convolutional network for real-time 6-dof camera relocalization},
	author={Kendall, Alex and Grimes, Matthew and Cipolla, Roberto},
	booktitle={Proceedings of the IEEE international conference on computer vision},
	pages={2938--2946},
	year={2015}
}

@inproceedings{szegedy2015going,
	title={Going deeper with convolutions},
	author={Szegedy, Christian and Liu, Wei and Jia, Yangqing and Sermanet, Pierre and Reed, Scott and Anguelov, Dragomir and Erhan, Dumitru and Vanhoucke, Vincent and Rabinovich, Andrew},
	booktitle={Proceedings of the IEEE conference on computer vision and pattern recognition},
	pages={1--9},
	year={2015}
}

@article{morini2010robot,
	title={Robot relocation from laser scanning constraints using minimalistic environmental models},
	author={Morini, Emiliano and Villella, Paolo and Rocchi, Fabrizio and Bergamasco, Massimo},
	journal={IFAC Proceedings Volumes},
	volume={43},
	number={16},
	pages={425--430},
	year={2010},
	publisher={Elsevier}
}

@inproceedings{williams2007real,
	title={Real-Time SLAM Relocalisation.},
	author={Williams, Brian Patrick and Klein, Georg and Reid, Ian D},
	booktitle={ICCV},
	volume={7},
	pages={1--8},
	year={2007}
}

@article{kuse2019learning,
	title={Learning Whole-Image Descriptors for Real-time Loop Detection andKidnap Recovery under Large Viewpoint Difference},
	author={Kuse, Manohar and Shen, Shaojie},
	journal={arXiv preprint arXiv:1904.06962},
	year={2019}
}

@article{lim2000mobile,
	title={Mobile robot relocation from echolocation constraints},
	author={Lim, Jong Hwan and Leonard, John J.},
	journal={IEEE Transactions on pattern analysis and machine intelligence},
	volume={22},
	number={9},
	pages={1035--1041},
	year={2000},
	publisher={IEEE}
}

@article{yang2019rapid,
	title={Rapid Relocation Method for Mobile Robot Based on Improved ORB-SLAM2 Algorithm},
	author={Yang, Guanci and Chen, Zhanjie and Li, Yang and Su, Zhidong},
	journal={Remote Sensing},
	volume={11},
	number={2},
	pages={149},
	year={2019},
	publisher={Multidisciplinary Digital Publishing Institute}
}

@inproceedings{castellanos1997building,
	title={Building a global map of the environment of a mobile robot: The importance of correlations},
	author={Castellanos, Jos{\'e} A and Tard{\'o}s, Juan D and Schmidt, G{\"u}nther},
	booktitle={Proceedings of International Conference on Robotics and Automation},
	volume={2},
	pages={1053--1059},
	year={1997},
	organization={IEEE}
}
@inproceedings{engel2014lsd,
	title={LSD-SLAM: Large-scale direct monocular SLAM},
	author={Engel, Jakob and Sch{\"o}ps, Thomas and Cremers, Daniel},
	booktitle={European conference on computer vision},
	pages={834--849},
	year={2014},
	organization={Springer}
}

@article{yang2019rapid,
	title={Rapid Relocation Method for Mobile Robot Based on Improved ORB-SLAM2 Algorithm},
	author={Yang, Guanci and Chen, Zhanjie and Li, Yang and Su, Zhidong},
	journal={Remote Sensing},
	volume={11},
	number={2},
	pages={149},
	year={2019},
	publisher={Multidisciplinary Digital Publishing Institute}
}

@article{mur2015orb,
	title={ORB-SLAM: a versatile and accurate monocular SLAM system},
	author={Mur-Artal, Raul and Montiel, Jose Maria Martinez and Tardos, Juan D},
	journal={IEEE transactions on robotics},
	volume={31},
	number={5},
	pages={1147--1163},
	year={2015},
	publisher={IEEE}
}

@article{mur2017orb,
	title={Orb-slam2: An open-source slam system for monocular, stereo, and rgb-d cameras},
	author={Mur-Artal, Raul and Tard{\'o}s, Juan D},
	journal={IEEE Transactions on Robotics},
	volume={33},
	number={5},
	pages={1255--1262},
	year={2017},
	publisher={IEEE}
}

@inproceedings{yang2016pop,
	title={Pop-up slam: Semantic monocular plane slam for low-texture environments},
	author={Yang, Shichao and Song, Yu and Kaess, Michael and Scherer, Sebastian},
	booktitle={2016 IEEE/RSJ International Conference on Intelligent Robots and Systems (IROS)},
	pages={1222--1229},
	year={2016},
	organization={IEEE}
}

@article{mur2017visual,
	title={Visual-inertial monocular SLAM with map reuse},
	author={Mur-Artal, Ra{\'u}l and Tard{\'o}s, Juan D},
	journal={IEEE Robotics and Automation Letters},
	volume={2},
	number={2},
	pages={796--803},
	year={2017},
	publisher={IEEE}
}
@book{thrun2005probabilistic,
	title={Probabilistic robotics},
	author={Thrun, Sebastian and Burgard, Wolfram and Fox, Dieter},
	year={2005},
	publisher={MIT press}
}

@article{kalman1960new,
	title={A new approach to linear filtering and prediction problems},
	author={Kalman, Rudolph Emil},
	journal={Journal of basic Engineering},
	volume={82},
	number={1},
	pages={35--45},
	year={1960},
	publisher={American Society of Mechanical Engineers}
}

@inproceedings{bailey2006consistency,
	title={Consistency of the EKF-SLAM algorithm},
	author={Bailey, Tim and Nieto, Juan and Guivant, Jose and Stevens, Michael and Nebot, Eduardo},
	booktitle={2006 IEEE/RSJ International Conference on Intelligent Robots and Systems},
	pages={3562--3568},
	year={2006},
	organization={IEEE}
}

@inproceedings{martinez2005unscented,
	title={Unscented SLAM for large-scale outdoor environments},
	author={Martinez-Cantin, Ruben and Castellanos, Jos{\'e} A},
	booktitle={2005 IEEE/RSJ International Conference on Intelligent Robots and Systems},
	pages={3427--3432},
	year={2005},
	organization={IEEE}
}

@inproceedings{sim2006design,
	title={Design and analysis of a framework for real-time vision-based SLAM using Rao-Blackwellised particle filters},
	author={Sim, Robert and Elinas, Pantelis and Griffin, Matt and Shyr, Alex and Little, James J},
	booktitle={The 3rd Canadian Conference on Computer and Robot Vision (CRV'06)},
	pages={21--21},
	year={2006},
	organization={IEEE}
}

@book{robert2013monte,
	title={Monte Carlo statistical methods},
	author={Robert, Christian and Casella, George},
	year={2013},
	publisher={Springer Science \& Business Media}
}

@inproceedings{zhou2017unsupervised,
	title={Unsupervised learning of depth and ego-motion from video},
	author={Zhou, Tinghui and Brown, Matthew and Snavely, Noah and Lowe, David G},
	booktitle={Proceedings of the IEEE Conference on Computer Vision and Pattern Recognition},
	pages={1851--1858},
	year={2017}
}

@inproceedings{yin2018synchronous,
	title={Synchronous Adversarial Feature Learning for LiDAR based Loop Closure Detection},
	author={Yin, Peng and He, Yuqing and Xu, Lingyun and Peng, Yan and Han, Jianda and Xu, Weiliang},
	booktitle={2018 Annual American Control Conference (ACC)},
	pages={234--239},
	year={2018},
	organization={IEEE}
}

@inproceedings{chen2017deep,
	title={Deep learning features at scale for visual place recognition},
	author={Chen, Zetao and Jacobson, Adam and S{\"u}nderhauf, Niko and Upcroft, Ben and Liu, Lingqiao and Shen, Chunhua and Reid, Ian and Milford, Michael},
	booktitle={2017 IEEE International Conference on Robotics and Automation (ICRA)},
	pages={3223--3230},
	year={2017},
	organization={IEEE}
}

@inproceedings{li2017deep,
	title={Deep learning for 2D scan matching and loop closure},
	author={Li, Jiaxin and Zhan, Huangying and Chen, Ben M and Reid, Ian and Lee, Gim Hee},
	booktitle={2017 IEEE/RSJ International Conference on Intelligent Robots and Systems (IROS)},
	pages={763--768},
	year={2017},
	organization={IEEE}
}

@inproceedings{kohlbrecher2011flexible,
	title={A flexible and scalable slam system with full 3d motion estimation},
	author={Kohlbrecher, Stefan and Von Stryk, Oskar and Meyer, Johannes and Klingauf, Uwe},
	booktitle={2011 IEEE International Symposium on Safety, Security, and Rescue Robotics},
	pages={155--160},
	year={2011},
	organization={IEEE}
}

@article{xu2015empirical,
	title={Empirical evaluation of rectified activations in convolutional network},
	author={Xu, Bing and Wang, Naiyan and Chen, Tianqi and Li, Mu},
	journal={arXiv preprint arXiv:1505.00853},
	year={2015}
}